@misc{hamilton_do,
	author = {{Hamilton}},
	title = {{Polarographic Dissolved Oxygen Sensors }},
	url ={{https://www.hamiltoncompany.com/process-analytics/sensors/dissolved-oxygen/polarographic-dissolved-oxygen-sensors}},
	year = "2022"
}

@misc{wireless_types,
	author = {{WatElectronics}},
	title = {{Different Types of Wireless Communication Technologies}},
	url = {{https://www.watelectronics.com/different-types-wireless-communication-technologies/}},
	year = "2021"
}

@misc{stoichiometrie,
	author = {{Wikipedia}},
	title = {{Stoichiometrie}},
	url = {{https://nl.wikipedia.org/wiki/Stoichiometrie}},
	year = "2022"
}

@misc{linek_covered_probes,
	author = {{V. Linek}},
	title = {{Measurement of oxygen by membrane-covered probes: Guidelines for Applications in Chemical and Biochemical Engineering}},
	year = "1988"
}

@misc{mt_do_measurement,
	author = {{Mettler Toledo}},
	title = {{A Guide to Oxygen Measurement,
	Theory and Practice of Oxygen Applications}},
	year = "2016"
}

@misc{henry,
	author = {{Krystianne Yamuni}},
	title = {{Henry's Law }},
	url = {{https://chem.libretexts.org/Bookshelves/Physical\_and\_Theoretical\_Chemistry}},
	year = "2021"
}

@misc{nordic_nrf24,
	author = {{Nordic Semiconductor ASA}},
	title = {{Single chip 2.4 GHz Transceiver nRF24L01}},
	year = "2006"
}

@misc{digikey_lp_wireless,
	author = {{Digi-Key: Patrick Mannion}},
	title = {{Comparing Low-Power Wireless Technologies}},
	url = {{https://www.digikey.com/en/articles/comparing-low-power-wireless-technologies}},
	year = "2017"
}

@misc{nrf24l01,
	author = {{Nordic Semiconductor}},
	title = {{Datasheet: Single chip 2.4 GHz Transceiver: nRF24L01}},
	year = "2006"
}

@misc{techopedia_ir,
	author = {{TechOpedia}},
	title = {{Infrared (IR)}},
	url = {{https://www.techopedia.com/definition/630/infrared-ir}},
	year = "2016"
}

@misc{rf_lora,
	author = {{TechOpedia}},
	title = {{Datasheet: RF LoRa transceiver Mudule RF-LoRa-868-SO}},
	year = "2021"
}

@misc{ttn_lora,
	author = {{The Things Network}},
	title = {{Duty Cycle }},
	url = {{https://www.thethingsnetwork.org/docs/lorawan/duty-cycle/}},
	year = "2022"
}



