@misc{F1292-04,
	author = {{American Society for Testing and Materials, ASTM}},
	title = {{F1292-04: Standard Specification for Impact Attenuation of Surfacing Materials Within the Use Zone of Playground Equipment}},
	edition= "F1292-04",
	year = "2009"
}

@misc{EVS-EN1177,
	author = {{Estonian Centre for Standardization, EESTI}},
	title = {{EVS-EN 1177:2018: Impact attenuating playground surfacing - Methods of
	test for determination of impact attenuation}},
	edition= "EVS-EN 1177:2018",
	year = "2018"
}

@misc{BSEN14808,
	author = {{British Standards, BSI}},
	title = {{BS EN 14808:2005 Surfaces for sports areas â€” Determination of shock absorption}},
	edition= "BS EN 14808:2005",
	year = "2005"
}

@misc{EVS-EN14809,
	author = {{Estonian Centre for Standardization, EESTI}},
	title = {{EVS-EN 14809:2006: Surfaces of sports areas - Determination of vertical deformation}},
	edition= "EVS-EN 14809:2006",
	year = "2006"
}

@misc{EVS-EN15330-2,
	author = {{Estonian Centre for Standardization, EESTI}},
	title = {{EVS-EN 15330-2:2008: Surfaces of sports areas - Synthetic turf and needle-punched surfaces primarily designed for outdoor use - Part 2: Specification for needle-punched surfaces}},
	edition= "EVS-EN 15330-2:2008",
	year = "2008"
}